@online{spreadsheetdev,
  title={Send an Email for Every Row in a Google Sheet},
  author={Spreadsheet.dev},
  year={2023},
  url={https://spreadsheet.dev/send-an-email-for-every-row-in-a-google-sheet}
}

@online{w3schools,
  title={JavaScript Tutorial},
  author={w3schools.com},
  year={2023},
  url={https://www.w3schools.com/js/}
}

@online{codementor,
  title={Google Apps Script: Automated Emails},
  author={Garuba, Olatunde},
  year={2023},
  url={https://www.codementor.io/@olatundegaruba/google-apps-script-automated-emails-m2m0ojq9v}
}
